<?xml version="1.0" encoding="UTF-8"?>
<record xmlns="http://www.loc.gov/MARC21/slim">
   <leader>01794cam a2200373 a 4500</leader>
   <controlfield tag="001">1003215</controlfield>
   <controlfield tag="003">NjP</controlfield>
   <controlfield tag="005">20190705142941.0</controlfield>
   <controlfield tag="008">950922s1984    ir       b    000 0 ara d</controlfield>
   <datafield tag="024" ind1="7" ind2=" ">
      <subfield code="a">princeton_aco003664</subfield>
      <subfield code="2">local</subfield>
   </datafield>
   <datafield ind1=" " ind2=" " tag="040">
      <subfield code="a">NjP</subfield>
      <subfield code="c">PUL</subfield>
      <subfield code="d">PUL</subfield>
   </datafield>
   <datafield ind1=" " ind2=" " tag="035">
      <subfield code="a">(CStRLIN)NJPG95-B59531</subfield>
   </datafield>
   <datafield ind1=" " ind2=" " tag="035">
      <subfield code="9">CBX3879TS</subfield>
   </datafield>
   <datafield ind1=" " ind2=" " tag="035">
      <subfield code="a">(NjP)1003215</subfield>
   </datafield>
   <datafield ind1="1" ind2=" " tag="041">
      <subfield code="a">ara</subfield>
      <subfield code="h">per</subfield>
   </datafield>
   <datafield ind1=" " ind2=" " tag="049">
      <subfield code="a">PULL</subfield>
   </datafield>
   <datafield ind1=" " ind2=" " tag="019">
      <subfield code="a">33224342</subfield>
   </datafield>
   <datafield ind1=" " ind2=" " tag="035">
      <subfield code="a">(OCoLC)ocm21258411</subfield>
      <subfield code="z">(OCoLC)ocm33224342</subfield>
   </datafield>
   <datafield ind1="1" ind2=" " tag="100">
      <subfield code="6">880-01</subfield>
      <subfield code="a">Ṭāhirī Khurramʹābādī, Ḥasan.</subfield>
   </datafield>
   <datafield ind1="1" ind2="0" tag="240">
      <subfield code="a">Vilāyat-i faqīh va ḥākimīyat-i millat.</subfield>
      <subfield code="l">Arabic</subfield>
   </datafield>
   <datafield ind1="1" ind2="0" tag="245">
      <subfield code="6">880-02</subfield>
      <subfield code="a">Bayna wilāyat al-faqīh wa ḥukm al-shaʻb /</subfield>
      <subfield code="c">Ḥasan Ṭāhirī Khurramʹābādī ; [tarjamat] Nāẓim Shirwānī.</subfield>
   </datafield>
   <datafield ind1="1" ind2="8" tag="246">
      <subfield code="6">880-03</subfield>
      <subfield code="a">Wilāyat al-faqīh, aw, ḥukm al-shaʻb</subfield>
   </datafield>
   <datafield ind1=" " ind2=" " tag="260">
      <subfield code="6">880-04</subfield>
      <subfield code="a">[Iran] :</subfield>
      <subfield code="b">al-Lajnah al-ʻUlyā li-Iḥtifālāt al-Dhikrá al-Sādisah li-Intiṣār al-Thawrah al-Islāmīyah fī Īrān,</subfield>
      <subfield code="c">1405 [1984 or 1985]</subfield>
   </datafield>
   <datafield ind1=" " ind2=" " tag="300">
      <subfield code="a">86 p. ;</subfield>
      <subfield code="c">22 cm.</subfield>
   </datafield>
   <datafield ind1=" " ind2=" " tag="504">
      <subfield code="a">Includes bibliographical references.</subfield>
   </datafield>
   <datafield ind1=" " ind2="0" tag="650">
      <subfield code="a">Islam and state.</subfield>
      <subfield code="0">http://id.loc.gov/authorities/subjects/sh85068426</subfield>
   </datafield>
   <datafield ind1="1" ind2=" " tag="880">
      <subfield code="6">100-01/r</subfield>
      <subfield code="a">طاهري خرمابادي، حسن.</subfield>
   </datafield>
   <datafield ind1="1" ind2="0" tag="880">
      <subfield code="6">245-02/r</subfield>
      <subfield code="a">بين ولاية الفقيه و حكم الشعب /</subfield>
      <subfield code="c">حسن طاهري خرمابادي ؛ [ترجمة] ناظم شرواني.</subfield>
   </datafield>
   <datafield ind1="1" ind2="8" tag="880">
      <subfield code="6">246-03/r</subfield>
      <subfield code="a">ولاية الفقيه، او، حكم الشعب</subfield>
   </datafield>
   <datafield ind1=" " ind2=" " tag="880">
      <subfield code="6">260-04/r</subfield>
      <subfield code="a">[ايران] :</subfield>
      <subfield code="b">اللجنة العليا لاحتفالات الذكرى السادسة لانتصار الثورة الاسلامية في ايران،</subfield>
      <subfield code="c">1405 [1984 or 1985]</subfield>
   </datafield>
   <datafield ind1=" " ind2=" " tag="998">
      <subfield code="a">09/22/95</subfield>
      <subfield code="s">9114</subfield>
      <subfield code="n">NjP</subfield>
      <subfield code="d">09/22/95</subfield>
      <subfield code="c">KC</subfield>
      <subfield code="b">KC</subfield>
      <subfield code="i">950922</subfield>
      <subfield code="l">NJPG</subfield>
   </datafield>
   <datafield ind1=" " ind2=" " tag="911">
      <subfield code="a">19951005</subfield>
   </datafield>
   <datafield ind1=" " ind2=" " tag="912">
      <subfield code="a">19950922000000.0</subfield>
   </datafield>
   <datafield ind1=" " ind2=" " tag="994">
      <subfield code="a">C0</subfield>
      <subfield code="b">PUL</subfield>
   </datafield>
   <datafield ind1=" " ind2=" " tag="999">
      <subfield code="a">1003215</subfield>
   </datafield>
   <datafield ind1=" " ind2=" " tag="979">
      <subfield code="a">(OCoLC)ocn176219567</subfield>
   </datafield>
   <datafield ind1="0" ind2="0" tag="852">
      <subfield code="0">1156995</subfield>
      <subfield code="b">rcppa</subfield>
      <subfield code="t">1</subfield>
      <subfield code="h">JC49</subfield>
      <subfield code="i">.T3312 1984</subfield>
      <subfield code="x">tr fr arab</subfield>
   </datafield>
   <datafield ind1=" " ind2=" " tag="959">
      <subfield code="a">2000-06-13 00:00:00 -0400</subfield>
   </datafield>
</record>
